@inproceedings{Sennrich2016,
	author    = {Rico Sennrich and Barry Haddow and Alexandra Birch},
	title     = {Neural Machine Translation of Rare Words with Subword Units},
	booktitle = {Proceedings of the 54th Annual Meeting of the Association for Computational Linguistics},
	year      = {2016}
}

@article{Johnson2017,
	author  = {Melvin Johnson and others},
	title   = {Google's Multilingual Neural Machine Translation System: Enabling Zero-Shot Translation},
	journal = {Transactions of the Association for Computational Linguistics},
	volume  = {5},
	year    = {2017}
}

@inproceedings{Lample2016,
	author    = {Guillaume Lample and others},
	title     = {Neural Architectures for Named Entity Recognition},
	booktitle = {Conference of the North American Chapter of the Association for Computational Linguistics},
	year      = {2016}
}

@inproceedings{Toutanova2016,
	author    = {Kristina Toutanova and others},
	title     = {Representing Text for Joint Embedding of Text and Knowledge Bases},
	booktitle = {Proceedings of the 2016 Conference on Empirical Methods in Natural Language Processing},
	year      = {2016}
}

@inproceedings{Devlin2019,
	author    = {Jacob Devlin and others},
	title     = {BERT: Pre-training of Deep Bidirectional Transformers for Language Understanding},
	booktitle = {Proceedings of NAACL-HLT 2019},
	year      = {2019}
}

@misc{Brown2020,
	author = {Tom Brown and others},
	title  = {Language Models are Few-Shot Learners},
	howpublished = {OpenAI Blog},
	year   = {2020}
}

@misc{Radford2019,
	author = {Alec Radford and others},
	title  = {Language Models are Unsupervised Multitask Learners},
	howpublished = {OpenAI Blog},
	year   = {2019}
}

@article{Bender2011,
	author  = {Emily M. Bender},
	title   = {On Achieving and Evaluating Language-Independence in NLP},
	journal = {Linguistic Issues in Language Technology},
	year    = {2011}
}

@inproceedings{Hovy2016,
	author    = {Dirk Hovy and Shannon L. Spruit},
	title     = {The Social Impact of Natural Language Processing},
	booktitle = {Proceedings of the 54th Annual Meeting of the Association for Computational Linguistics},
	year      = {2016}
}

@article{LeCun2015,
	author  = {Yann LeCun and Yoshua Bengio and Geoffrey Hinton},
	title   = {Deep learning},
	journal = {Nature},
	volume  = {521},
	number  = {7553},
	pages   = {436--444},
	year    = {2015}
}

@inproceedings{Schuster2019,
	author    = {Tal Schuster and others},
	title     = {Cross-lingual Transfer Learning for Multilingual Task Oriented Dialog},
	booktitle = {NAACL HLT 2019},
	year      = {2019}
}

@inproceedings{Lewis2020,
	author    = {Patrick Lewis and others},
	title     = {Retrieval-Augmented Generation for Knowledge-Intensive NLP Tasks},
	booktitle = {NeurIPS 2020},
	year      = {2020}
}

@article{gao2023rarr,
	title={RARR: Researching and Revising What Language Models Say, Using Language Models}, 
	author={Luyu Gao and Zhuyun Dai and Panupong Pasupat and Anthony Chen and Arun Tejasvi Chaganty and Yicheng Fan and Vincent Y. Zhao and Ni Lao and Hongrae Lee and Da-Cheng Juan and Kelvin Guu},
	year={2023},
	eprint={2210.08726},
	archivePrefix={arXiv},
	primaryClass={cs.CL}
}

@article{jiang2024mixtral,
	title={Mixtral of Experts}, 
	author={Albert Q. Jiang and Alexandre Sablayrolles},
	year={2024},
	eprint={2401.04088},
	archivePrefix={arXiv},
	primaryClass={cs.LG}
}

@article{openai2024gpt4,
	title={GPT-4 Technical Report}, 
	author={OpenAI},
	year={2024},
	eprint={2303.08774},
	archivePrefix={arXiv},
	primaryClass={cs.CL}
}